1953 2497
149 126 218 191 gimus
229 127 344 184 eruditum,
359 117 482 186 litterasque
496 127 563 186 probe
573 127 685 175 etloilum?
699 140 736 174 aut
748 128 791 172 vim
803 132 843 174 hu-

148 199 182 242 ius
195 196 253 241 verbi
269 196 346 253 inquo
359 194 449 238 homine
463 193 578 250 ponimus?
600 196 699 253 Opinor,
715 195 740 238 in
749 208 776 237 eo
781 225 788 247 ,
804 194 843 251 qui

148 274 205 306 tanta
220 260 287 319 pollet
300 274 370 304 rerum
384 257 469 302 scientia
483 272 507 301 ac
519 258 603 314 peritia,
614 272 639 303 vt
653 260 678 304 ad
691 260 750 305 beate
766 259 842 303 viuen-

148 325 210 378 dum,
226 325 357 381 aliorumque
371 321 489 365 commodis
502 321 669 379 inseruiendum,
681 338 724 368 tam
736 337 798 383 aptus
808 323 841 378 sit,

146 404 209 448 quam
227 401 336 449 promtum
355 386 376 430 se
391 386 517 443 facilemque
530 387 628 431 omnibus
643 389 744 446 praebeat,
783 390 839 433 Non

145 455 222 498 notitia
242 453 355 496 multarum
372 465 457 502 rerum,
477 451 511 494 led
529 451 582 506 vsu,
601 453 717 495 metiuntur
735 453 839 511 sapientes

143 518 233 562 modum
247 515 373 558 eruditionis
391 527 413 558 et
425 515 602 572 magnitudinem:
622 513 710 560 Frullus
724 518 803 579 ingenii
815 526 838 560 ac

144 581 247 640 virtutis,
265 592 289 623 vr
304 580 331 623 ait
347 592 447 625 cacano
463 580 498 635 ἢ,
518 591 562 624 tam
575 581 778 641 mammatapitar,
794 593 839 624 cum

144 645 168 689 in
178 645 295 706 proximam
312 657 410 709 querique
424 644 537 697 aarffartur.
558 645 663 689 'Proximi
672 657 741 688 autem
751 644 840 688 nomine

144 723 191 752 non
202 723 239 751 eos
252 708 330 761 solum,
346 711 383 767 qui
393 709 513 768 propinqua
528 709 656 768 cognatione
664 709 777 752 nobiscum
790 709 840 752 sunt

145 773 265 825 coniunlli7
281 786 316 816 aut
325 774 401 830 quibus
412 774 540 817 familiariter
553 774 641 826 vtimur,
659 774 769 816 sedunum
780 786 838 816 mor-

141 836 214 880 talium
224 851 331 894 quemque
341 837 439 893 defignari
445 870 451 891 ‚
469 839 537 881 nostra
545 852 586 881 nos
594 837 668 894 religio
676 837 756 882 docuit.
788 837 837 880 Do-

125 941 127 944 .
141 901 186 946 &us
199 915 220 943 es
233 915 295 957 ergo,
311 901 445 944 simultatum
459 916 621 960 magnarumque
633 916 717 957 rerum,
738 900 837 944 omnium

140 966 198 1010 inter
213 964 233 1007 se
246 980 388 1009 connexarum
397 977 460 1022 atque
469 979 573 1024 aptarum,
588 966 673 1010 scientia
681 978 763 1010 tantum
773 965 835 1012 vales,

139 1043 164 1074 vt
175 1028 269 1073 vriliratis
278 1029 368 1073 fruclum
380 1042 401 1073 et
409 1029 448 1072 tibi
458 1031 562 1086 praebeas,
568 1042 590 1073 et
599 1031 698 1074 omnibus
702 1029 786 1087 ,quoad
794 1043 835 1087 po·

140 1094 212 1138 tueris.
246 1093 283 1135 Sin
292 1093 365 1140 aliter;
386 1093 401 1135 fi
416 1106 505 1150 propter
518 1094 638 1138 auiditatem
652 1095 718 1137 famae
730 1092 836 1150 poffiuen-

139 1158 179 1202 dae
187 1157 263 1201 nullam
275 1156 319 1199 fere
329 1157 451 1200 calumniam
462 1169 544 1215 turpem
553 1170 626 1216 putas,
639 1157 654 1201 si
664 1157 690 1201 de
700 1156 782 1201 alterius
791 1155 837 1199 exi-

138 1222 257 1265 stimatione
269 1219 370 1271 detrahis,
386 1219 483 1276 fiquauis
495 1235 541 1263 non
555 1221 622 1264 modo
632 1221 783 1274 aemulatione,
798 1232 836 1263 Ve-

138 1301 188 1330 rum
206 1285 268 1328 etiam
286 1283 444 1334 obtreuationa
460 1285 547 1329 cuilibet
563 1301 586 1329 es
596 1286 729 1338 aduersarius,
739 1283 835 1328 finevlli

137 1348 224 1407 quidem
241 1349 393 1391 honoratorum
409 1349 502 1390 virorum
516 1349 594 1406 parcis,
610 1348 625 1390 si
638 1349 743 1407 optimum
757 1361 833 1405 quem-

136 1427 180 1472 que
190 1413 259 1456 virum
271 1412 363 1470 spernis,
379 1412 494 1469 vituperas,
511 1412 613 1456 maledico
627 1413 692 1456 dente
703 1415 783 1470 carpis,
799 1425 833 1454 re-

109 1521 112 1525 ,
136 1476 226 1537 pudias,
244 1476 374 1519 calumniaris
390 1476 496 1532 audaeier,
512 1477 594 1535 semper
607 1490 631 1520 vt
645 1477 724 1535 aliquid
740 1477 834 1527 haereat,

135 1541 225 1586 fialiena
233 1540 284 1586 vitia
292 1541 316 1584 iu
325 1541 392 1584 oculis
402 1541 473 1593 hahes7
483 1553 518 1584 tua
527 1557 538 1584 a
551 1554 612 1599 tergo
625 1541 701 1595 sunt,sr
711 1553 732 1584 te
744 1553 834 1597 quoque

123 1603 217 1663 ipsum,
230 1609 382 1662 ta'nta7tamque
393 1604 521 1647 intolerabili
538 1605 664 1662 arrogantia,
680 1606 704 1647 in
718 1605 833 1647 maximum

136 1668 260 1728 praecipitas
283 1669 419 1725 perieulum,
447 1667 461 1707 fi
484 1669 585 1711 inuidiam
608 1669 648 1710 tibi
667 1668 831 1721 inimicitiasque

136 1731 232 1776 omnium
240 1731 343 1773 concitas:
354 1731 405 1774 haec
415 1730 509 1773 uniuersa
519 1743 541 1773 et
551 1730 637 1787 singula,
655 1729 743 1787 quaeso,
757 1742 830 1772 vtrum

134 1795 229 1849 scientiS,
244 1809 271 1838 an
284 1795 411 1852 ignorantis,
426 1793 480 1851 figna
493 1791 553 1838 sunt?
571 1796 645 1851 Itaque
659 1794 705 1838 satis
720 1793 838 1851 perspicua,

134 1862 164 1906 est
176 1859 278 1903 sententia
292 1859 354 1902 huius
369 1857 439 1901 effati:
455 1862 477 1900 Ea
495 1875 523 1902 τις
534 1853 579 1901 <lata
592 1853 653 1901 alam
670 1874 695 1911 rr,
713 1852 775 1900 &latro
788 1851 828 1898 &lav

134 1942 210 1983 cyrone,
224 1923 290 1968 κωθως
302 1916 326 1966 la
340 1939 405 1978 maroa
415 1927 460 1982 Η).
480 1926 553 1984 'Qae
561 1938 628 1982 quum
636 1924 665 1968 itt
673 1922 723 1971 fian
739 1921 829 1966 euidens

792 1987 829 2040 est,

151 2060 175 2116 ¹⁴)
187 2065 294 2111 deamicitia,
302 2077 336 2116 cap.
344 2068 412 2104 Xano.
490 2065 536 2103 VIII.
544 2079 559 2101 u.
565 2066 605 2107 ado,
613 2076 686 2111 compar.
694 2078 734 2101 cum
741 2079 757 2101 v.
763 2078 778 2103 r.
786 2077 804 2101 et
812 2077 830 2111 9.

491 2126 518 2151 10.
528 2124 555 2150 11.
561 2114 603 2156 Quo
611 2114 631 2147 in
638 2114 678 2148 loco
685 2114 760 2149 minister
767 2115 828 2148 verita·

155 2163 185 2213 aa)
197 2167 217 2204 in
225 2166 280 2215 priori
287 2163 333 2213 epist.
340 2164 364 2202 ad
373 2163 445 2201 Corinth.
453 2176 466 2200 c¹
489 2163 513 2200 tis
523 2161 592 2199 uanae
602 2160 624 2199 de
633 2173 653 2199 ea
664 2162 742 2209 loquitur
752 2162 828 2201 scientia,

783 2220 827 2254 quae
