1953 2497
182 86 260 144 igitur,
270 79 416 141 quodcunque
426 85 483 140 ngat,
493 76 644 125 inconsiderate
648 110 655 134 ,
665 91 800 140 magnetum
812 82 878 144 impe.

183 163 214 195 tu.
247 149 305 194 Hinc
313 147 391 191 multae
401 146 526 191 calamitates
536 146 675 205 improuidam
680 147 775 192 hominis
784 162 879 195 mentem

184 225 294 272 occupant.
327 210 424 255 Gloriam
436 211 530 268 quidem,
543 224 564 255 et
572 225 676 255 rumorem
687 210 833 270 dissipandum,
842 229 878 259 au-

182 291 281 337 cupatur:
297 274 332 320 sed
343 290 409 334 quum
421 275 475 321 nihii
486 291 533 321 non
542 275 620 320 excelse
629 275 781 334 magnificeque
791 276 818 320 de
827 278 848 321 sc
857 291 880 324 et

180 343 262 395 sentiat,
270 353 293 384 et
301 340 366 395 dicut,
375 353 399 386 vt
408 355 483 387 omnes
492 341 631 401 cognoscant,
641 341 746 385 neminem
754 353 800 385 non
811 340 879 399 despi-

181 407 236 450 catui
248 406 335 451 dusium
344 407 369 450 ab
378 406 424 464 ipso
438 422 476 467 per
484 407 546 451 risum
556 422 579 450 ac
587 407 659 451 iocum
670 406 783 459 contemni,
793 404 836 463 ipse
846 406 879 449 vi-

180 470 246 514 cissim
258 471 405 515 contemnitur
414 472 439 515 ab
452 472 560 515 omnibus:
577 486 603 515 ex
611 486 655 529 quo
664 470 723 525 illud,
732 467 878 533 propriolum

174 531 257 591 findet,
269 534 347 578 fassum
359 536 389 578 est
398 537 440 579 iam
453 537 527 580 tritum
541 535 636 581 sermone
646 535 785 593 prouerbium,
818 534 879 577 Tan-

182 599 240 651 dem,
251 599 275 641 id
286 599 346 655 quod
359 600 566 656 grauiffnnum,Deo
577 600 644 643 iudici
653 613 733 657 poenus
744 598 802 642 dubit
814 610 880 641 teme-

181 663 248 709 ritatis
257 663 312 706 suae:
326 679 353 706 ort
362 682 371 706 o
383 670 429 709 Θεις
437 680 474 709 ross
482 671 603 726 υπεξηφανοις
612 679 747 716 αντιτασσεταη
755 666 786 719 *).
821 660 881 720 Qid

181 728 249 769 dicum
258 726 285 769 de
296 727 352 771 bonu
362 741 426 786 atque
435 731 516 787 integra
524 730 611 772 aliorum
621 728 791 770 existimatione?
808 728 881 769 Incre-

179 790 265 832 dibilem
285 790 310 831 in
327 791 415 835 modum
431 794 506 836 famam
530 790 685 834 ctariffimorum
702 792 796 831 virorum
814 789 879 831 laedit

177 853 240 908 (ruit
249 853 318 910 certe)
326 855 445 899 temerarius
454 854 547 908 Thraso,
559 853 677 911 ignominia
692 866 767 896 omnes
778 850 879 895 adficien-

177 917 214 972 do,
225 915 369 974 summamque
379 919 410 963 eis
420 919 519 963 iniuriam
532 915 672 975 iniungendo.
705 917 753 960 Hac
762 926 835 961 ‘autem
843 915 879 958 in·

177 980 268 1025 soientia
283 981 360 1038 gloriae
377 981 455 1027 efficiet
471 983 575 1041 profesiO,
592 994 616 1025 vt
632 980 683 1024 fides
699 981 762 1039 ipsius
779 979 879 1024 concidat

176 1045 258 1092 omnim
275 1057 359 1089 tantum
373 1047 436 1101 abest,
442 1059 466 1090 vt
476 1062 552 1104 magno
565 1046 689 1090 aestimetur.
721 1047 782 1102 Qec
797 1044 827 1087 est
836 1044 879 1098 ista,

177 1108 203 1151 iit
212 1110 404 1164 commemoranda,
413 1123 450 1152 aut
458 1111 481 1153 vi
492 1110 602 1167 probitatis
613 1123 668 1160 tuae,
679 1121 714 1151 aut
724 1108 832 1151 doctrinae
842 1122 880 1162 co-

178 1172 225 1230 pia,
242 1183 283 1213 tem
297 1170 390 1214 insolens
402 1173 532 1217 ostentatio?
549 1175 655 1229 Quaermm
669 1172 763 1229 probitas
777 1172 878 1224 hominis,

179 1235 205 1278 in
214 1234 301 1277 crimine
310 1234 339 1278 ita
350 1234 459 1279 manifesto
469 1236 590 1294 deprehenfi
596 1238 604 1278 ?
622 1237 681 1279 Num
695 1235 749 1292 quid
763 1236 816 1278 boni
827 1249 879 1294 pro·

178 1297 244 1342 ficisci
255 1299 323 1355 potest
331 1299 356 1342 ab
366 1314 399 1352 eo,
408 1299 432 1342 in
441 1314 485 1357 quo
495 1301 524 1343 est
531 1300 642 1358 praecipua
650 1299 683 1343 ilia
692 1299 816 1344 Pharisaisini
825 1312 878 1358 pro-

178 1364 268 1421 prietas?
283 1362 376 1406 Probum
385 1375 407 1406 te
414 1363 460 1420 esse,
470 1378 533 1407 nemo
543 1363 604 1409 facile
613 1365 639 1408 ud
649 1363 778 1407 credendum
788 1364 877 1409 induce-

179 1440 220 1471 tur.
253 1425 374 1469 Atdocium
384 1431 467 1470 tamen?
483 1427 509 1469 ld
516 1428 617 1484 imperito
627 1428 712 1486 quidem
721 1428 785 1482 vulgo
795 1427 877 1483 persua-

180 1490 252 1540 debis,
268 1487 368 1544 prutienti
381 1501 451 1530 autem
463 1490 499 1530 vix
512 1492 555 1531 ulli.
589 1492 654 1541 Illud,
669 1488 728 1542 ‹yrobr
743 1504 834 1543 σεαυτον,
851 1488 878 1532 ad

180 1551 318 1597 minuendam
334 1551 469 1607 arrogantium
487 1551 564 1596 dissum
579 1553 613 1595 est.
645 1553 782 1609 Arrogantiae
801 1553 877 1611 pienus

179 1616 210 1660 est
225 1614 294 1658 sermo
308 1627 364 1659 tuus.
403 1616 478 1672 Itaque
490 1628 512 1658 te
526 1618 623 1660 nondum
636 1617 698 1660 nosti.
738 1617 796 1676 Qid
810 1617 876 1675 igitur

178 1679 288 1723 didicisti?
308 1678 408 1722 Omnino
421 1680 491 1723 nihii:
514 1681 595 1724 necesse
608 1682 638 1724 est
650 1682 717 1734 enim,
732 1694 755 1724 vt
769 1681 875 1739 cognitio-

178 1757 227 1789 nem
239 1742 306 1786 homo
320 1757 405 1787 omnem
417 1743 458 1787 ase
471 1743 516 1802 ipso
525 1745 651 1790 exordiatur.
682 1747 712 1790 At
725 1746 784 1790 {usias
793 1758 815 1791 te
827 1741 874 1790 eru·

178 1808 275 1852 ditione?
289 1807 367 1852 Audio.
401 1808 490 1852 Solusne
504 1821 529 1851 tu
546 1808 652 1853 cruditus?
669 1810 739 1868 Qffl,
753 1809 767 1853 fi
782 1824 810 1854 ne
824 1825 872 1854 cru«

178 1872 235 1917 ditus
250 1872 350 1932 quidem?
366 1872 437 1934 Quid,
453 1871 468 1917 fi
481 1873 544 1933 piane
554 1873 627 1919 rudis?
647 1876 717 1936 Qem
729 1875 785 1920 enim
795 1867 874 1920 inteili-

804 1952 873 1999 grmus

179 2103 181 2107 μ
203 2054 222 2099 Ἷ
233 2054 252 2090 in
258 2057 310 2101 priori
318 2058 360 2106 epist.
368 2069 443 2107 PETRI,
451 2064 513 2112 ΜΝ.
538 2063 661 2107 cantatione,
672 2064 726 2107 idem,
737 2064 768 2110 qui
780 2056 873 2107 νπιςηφιικὲ,

178 2111 195 2137 v·
204 2110 220 2145 5·
243 2103 412 2156 Estautcmavranf,
420 2122 513 2159 certeque·
536 2114 628 2162 interprete
636 2120 755 2151 uusrcnro.
772 2138 774 2141 ι
