1953 2497
161 125 233 177 ethi,
250 123 287 182 qui
296 124 321 168 ad
335 122 438 176 honores,
453 122 489 165 fibi
504 122 666 175 conuenientes,
680 60 862 181 adspirantllllll-I

165 207 208 251 que
217 202 256 248 pro
266 203 303 243 eo,
319 202 343 233 ac
355 187 445 247 parali,
459 197 567 243 expetunt.

147 344 149 347 Ι
229 289 321 332 Primum
329 287 355 330 de
367 287 406 330 illis
417 299 463 330 non
472 286 527 329 nihil
536 285 657 346 disputabo,
670 283 720 347 qui',
736 287 790 332 reda
802 303 856 335 con-

147 341 247 400 *delenda
256 351 373 405 sustentati,
389 365 429 407 pro
438 349 519 394 salutari
527 350 624 403 veritate,
638 354 761 410 incorrupte
770 366 791 396 et
798 353 854 397 inte-

162 426 200 476 gre
210 415 309 461 seruanda
316 445 323 467 ,
340 413 438 458 acerrime
446 426 593 473 propugnant,
609 430 696 472 eamque
708 416 745 459 fibi
758 417 853 462 consola-

162 482 246 528 tionem
258 479 315 522 nulla
327 477 360 530 vi,
376 492 417 522 nec
432 477 505 522 fraude
518 478 568 531 vlla,
585 478 636 538 dum
650 480 735 531 uiuunt,
750 481 802 538 eripi
815 497 851 540 pa.

156 543 253 589 riantur.
302 543 339 586 An
356 542 387 585 illi
405 542 487 587 idcirco
508 536 597 586 andalae
617 543 663 587 iure
685 544 773 601 putandi
792 544 852 588 sunt?

161 610 237 665 Longe
249 605 298 649 illos
312 605 337 649 ab
350 606 389 650 hac
403 607 464 665 culpa
479 607 557 659 abella,
574 608 667 651 muneris
682 606 771 651 declarat
791 606 853 652 ratio.

160 672 264 731 Imperata
272 669 365 722 faciunt,
381 685 447 727 quum
454 671 565 715 hominem
579 671 712 716 christianum
722 669 806 729 prorsus
817 671 854 714 de-

161 747 220 788 ceat,
236 733 341 778 ‹ledrinas
349 734 452 779 diuinitus
462 735 572 794 patefacias
580 736 672 793 ingenue
680 734 787 793 profiteri,
802 736 855 779 stre-
912 734 913 737 ’

161 812 249 856 nueque
258 796 379 852 defendere,
388 810 494 856 tamquam
509 799 597 843 militem
612 800 767 857 magnanimum
779 810 801 842 et
812 799 852 843 he-

160 863 255 913 roicum,
272 861 307 903 cui
320 860 403 905 infitum
411 863 447 916 est,
461 874 497 907 aut
508 863 600 917 vincere,
606 875 641 907 aut
655 862 724 907 emori
743 862 776 922 *).
807 862 852 907 Ini-

159 940 203 984 que
219 924 333 969 admodum
349 939 397 968 cum
414 926 434 970 b.
450 938 581 971 avanano
596 928 670 970 nostro
684 928 728 985 egit
747 938 852 971 conna-

159 1002 222 1035 les
238 985 254 1033 Α
268 1001 380 1044 naama,
394 989 449 1033 hanc
463 990 483 1032 ei
495 991 596 1034 maculam
609 991 693 1034 inurere
707 990 780 1042 ausus,
793 989 852 1047 quali

159 1055 179 1098 is
189 1053 254 1097 fuerit
270 1046 354 1102 andalae
360 1083 367 1105 ,
382 1053 580 1110 quoniamquidem
592 1065 664 1099 taratra
675 1055 750 1117 Regem
761 1053 851 1115 Anglm

153 1115 250 1180 scripfit:
267 1117 309 1160 Hic
313 1114 345 1169 sla
349 1146 356 1168 ,
371 1114 404 1160 hic
414 1130 493 1170 maneo,
509 1115 641 1179 hicglariaa,
655 1113 689 1161 hic
702 1115 776 1171 infialra
785 1117 852 1177 Papi-

156 1179 207 1239 sla's,
224 1177 353 1233 Hearicistis,
368 1177 476 1240 Sophistis,
493 1179 584 1224 amnibus
595 1182 664 1241 partis
676 1179 767 1234 irfferni,
786 1180 854 1235 Diui-s

159 1260 188 1292 aa
200 1242 302 1299 Maiestas
318 1255 393 1287 mearam
407 1241 485 1298 facia,
502 1253 526 1286 ar
540 1240 595 1288 nihil
607 1256 688 1296 curem,
698 1242 722 1299 st
736 1242 792 1289 miae
805 1247 849 1289 Aa·

155 1307 246 1373 gastina,
261 1304 316 1350 miae
327 1306 468 1350 Hearicianae
480 1304 571 1360 ecclestaa
584 1318 657 1351 cantra
669 1321 701 1350 ma
705 1305 787 1366 flarent
799 1306 849 1367 aa).

158 1375 206 1418 Nec
214 1370 235 1414 se
245 1370 280 1414 alii
291 1370 454 1422 continuerunt,
471 1370 524 1427 quin
533 1370 589 1414 virus
599 1370 714 1415 acerbitatIs
727 1370 775 1414 suae
783 1371 808 1415 in
816 1372 849 1416 vi-

156 1450 216 1489 rum,
232 1433 323 1479 crimmis
332 1433 450 1489 insontem,
464 1447 600 1493 emmeram,
617 1448 667 1479 eum
680 1447 779 1479 vocantes
788 1448 850 1480 arra-

153 1511 256 1566 gaatern,
279 1509 304 1542 vt
322 1509 457 1551 noctuas,
481 1495 619 1557 Thrasonem,
641 1495 768 1544 intolerabili
785 1497 851 1554 falla

156 1574 289 1627 turgentem,
308 1575 332 1605 vt
349 1572 556 1618 vaaNauuorvs‚
578 1560 627 1607 adea
642 1562 728 1605 demum
734 1560 851 1625 staperbiae

149 1626 233 1690 spiritu
243 1624 352 1681 inflatam,
369 1635 392 1668 aa
405 1639 443 1669 naa
454 1621 510 1668 aranda
519 1623 647 1679 Scholastica
655 1623 754 1669 Dadima
760 1627 849 1687 spretae-

154 1693 190 1737 rit
201 1692 254 1749 (eni
266 1700 368 1747 quantum
377 1687 508 1745 piaculum),
515 1684 557 1744 saal
565 1699 586 1731 et
596 1685 731 1743 ecclestasticis
743 1687 847 1735 Patribus

156 1767 178 1802 et
193 1752 255 1802 Ponti
269 1748 326 1798 cibus
340 1753 407 1796 tainus·
424 1747 606 1809 cardinalatu,
623 1764 685 1815 qaam
692 1747 751 1808 fibi,
767 1753 846 1811 quibus

154 1818 297 1878 eumargutiis
315 1826 476 1863 coenraavs
485 1816 622 1875 persequutus
636 1817 672 1861 est.
704 1816 789 1862 Adlatas
798 1818 846 1863 has-

154 1899 180 1930 ce
189 1883 346 1928 criminationes
357 1880 434 1939 repulit
444 1880 573 1935 dionunt.
586 1890 737 1925 counanvs
751 1891 846 1927 DANN-

155 1959 294 2001 navaRVS,
304 1944 416 1990 immortali
428 1945 542 1992 memoriae
552 1944 763 1991 commendatiffimus
773 1947 847 2009 W),

807 2027 849 2071 qur

172 2093 200 2139 ⁴¹⁴)v
204 2103 222 2131 ⁶
226 2076 251 2128 ad
256 2090 325 2129 limata.
332 2103 345 2125 c.
351 2091 373 2126 11.
377 2102 392 2125 u.
396 2092 412 2136 3'.
531 2089 571 2136 aaa)
582 2090 671 2138 indispar:
675 2092 697 2128 de
704 2094 780 2130 memoria
786 2092 848 2129 Luta:-

174 2141 205 2186 “J
218 2149 282 2176 Coun,
295 2149 309 2174 n
323 2147 403 2174 aaaron
414 2138 433 2173 in
440 2138 486 2174 Com·
508 2138 525 2174 ri
532 2139 615 2175 renouata.
622 2141 662 2176 vide
672 2141 757 2187 disputata.
766 2141 821 2177 studio
829 2142 846 2174 la.

151 2198 201 2275 ἔπαξεν).
217 2187 335 2237 stouraaepist.
344 2194 411 2223 PETM
422 2188 485 2235 capu.
510 2188 733 2283 prasuqurcprtollestas,
745 2190 762 2226 P.
772 2189 793 2226 Η.
804 2195 845 2234 paz·

164 2262 168 2273 .
199 2264 203 2272 .
521 2245 562 2284 090.
611 2261 615 2271 .
