1953 2497
144 81 238 132 zrorein
253 79 320 140 lapsus
336 77 419 124 suerit?
446 77 479 122 At
495 77 566 122 nihilo
581 91 651 123 tamen
666 81 737 125 minus
746 96 859 130 contumax

166 146 306 212 perseuerabit
317 146 341 190 in
353 143 388 190 sua
400 143 469 188 veteri
482 141 592 189 sententiar
623 145 745 191 Periculum
758 148 791 191 tui
806 150 857 192 seci-

165 217 209 270 sti,
225 211 360 273 ‹et-specimen
371 208 457 267 aliquod
472 219 521 252 tuae
538 207 617 252 dedisti
631 211 768 269 diligentiae?
799 214 858 257 Caue

99 274 101 276 ’
137 290 139 294 ’
164 281 222 326 tibil
242 280 334 323 Paratam
352 274 389 318 ille
403 288 466 318 manu
482 273 523 318 iam
541 285 602 317 tenet
620 276 721 334 virgulam
734 277 873 329 censoriam„

164 360 207 404 qua
218 357 254 398 te,
265 343 299 387 vel
311 339 403 385 maxime
414 340 564 392 innocentem,
581 339 675 398 castiget,
689 356 732 386 nec
745 355 858 387 contume-

165 412 192 454 lia
200 409 283 455 vacabit
289 407 347 450 illius
357 405 381 448 in
397 417 420 449 te
435 404 620 450 animaduersionis
634 405 735 451 seueritas.
775 407 856 452 Lauda-

163 475 207 533 bile
220 473 336 531 quidquam
351 470 486 529 praestitisti?
513 468 655 514 Diffimulabit
672 472 765 524 astutus,
779 471 855 515 obscu-

163 539 228 590 rabit,
238 536 333 581 detrahet
341 549 366 578 ac
381 535 484 579 diminuet
494 535 521 578 dc
532 535 575 579 tuis
586 534 690 589 laudibus,
705 547 808 592 quantum
820 550 855 577 va-

158 603 220 647 lebit.
251 600 346 644 Humani
361 599 442 654 aliquid
456 598 521 656 passus
532 602 568 642 es?
584 598 719 647 Clamoribus
728 610 757 651 te,
772 610 794 641 et
805 611 856 641 con·

162 666 237 718 uiciis,
246 677 268 707 et
280 664 344 707 sibilis
357 662 516 717 consedebitur.
548 664 672 721 Properabit
686 663 818 707 Aristarchus
834 662 857 704 in

161 739 296 783 conuentus,
312 725 359 779 aut,
369 725 383 769 fi
392 727 472 780 mauis,
484 728 634 771 conuenticula
654 728 732 772 ciuium
749 727 809 770 omni
825 726 857 769 fe-

161 793 293 843 stinatione,
309 803 334 833 vt
347 802 369 832 te
378 805 416 848 per
428 804 464 834 ora
474 791 587 835 hominum
601 791 703 837 traducat.
734 792 767 834 Ita
783 790 856 834 omnia

161 856 189 900 ad
196 856 252 899 suam
261 853 338 898 referet
353 854 476 907 utilitatem,
487 854 618 911 voluptatem
633 855 767 900 certe'animi
787 870 793 901 ;
826 854 855 896 ita
888 860 890 862 ’

158 929 227 965 ‘ornate
236 918 273 962 sibi
283 918 364 962 bonum
373 916 478 972 adsumet,
489 930 514 962 vt
521 917 575 962 nihil
583 918 623 963 tibi
631 917 791 976 ‘saciat-reliqui,

225 1054 298 1112 Atque
308 1050 398 1103 etiamsi
408 1050 535 1098 confiderare
545 1054 705 1111 volumus,quae
715 1052 754 1097 fint
762 1053 858 1098 hominis

161 1136 209 1179 erga
217 1119 237 1164 se
251 1118 341 1174 suosque
355 1116 411 1160 vitae
423 1116 492 1160 socios
502 1117 583 1174 officia,
597 1118 749 1175 intelligamus,
759 1131 821 1174 quam
832 1117 857 1160 fit

159 1186 268 1237 iniustum,
276 1179 380 1223 eiusmodi
390 1181 519 1235 arrogantiae
531 1182 611 1220 crimen
622 1182 748 1237 culpamque
756 1181 780 1222 in
792 1182 812 1224 se
822 1181 858 1224 ad-

161 1249 254 1293 mittere.
262 1244 322 1288 Haec
330 1241 430 1285 nimirum
438 1240 504 1299 posita
512 1240 561 1284 sunt
569 1241 592 1284 in
602 1242 774 1298 primis‘iustitiae
781 1244 858 1288 sunda-

160 1324 243 1356 menta:
258 1320 283 1350 vt
292 1320 320 1349 ne
329 1304 363 1347 cui
373 1318 493 1359 noceamus,
498 1304 534 1348 sed
542 1307 651 1347 communi
657 1306 768 1349 seruiamus
777 1308 856 1351 vtilita-

101 1403 103 1405 >
160 1376 185 1420 ti,
218 1374 249 1416 At
258 1371 315 1414 enirn
329 1382 380 1412 vero
389 1387 397 1410 o
406 1361 490 1417 athalar
499 1382 540 1411 nee
549 1367 596 1411 suae
605 1367 702 1412 felicitati
710 1370 766 1413 reete
780 1370 855 1414 consu-

159 1440 192 1491 lit,
201 1451 241 1481 nee
250 1433 346 1492 publicae
358 1432 390 1475 rei
399 1433 429 1476 est
440 1431 592 1476 emolumento.
640 1432 734 1476 Primum
747 1433 795 1485 fibi,
809 1449 854 1491 quo

158 1501 225 1559 magis
236 1497 281 1557 ipse
287 1496 396 1556 placuerit,
405 1509 432 1539 eo
440 1494 489 1554 plus
497 1495 576 1540 inseret
588 1494 726 1542 detrimenti.'
750 1497 858 1542 Odiosum

158 1567 180 1611 se
188 1563 252 1607 bonis
262 1561 383 1618 quibusque
394 1560 492 1603 obtrudit
503 1560 563 1610 viris,
574 1574 628 1615 quos
636 1559 706 1602 subito
719 1562 812 1604 taedium
824 1577 857 1605 ca-

158 1629 192 1689 pia
199 1625 301 1676 hominis,
309 1623 383 1679 inepte
390 1622 509 1677 insulseque
517 1622 606 1666 audacis.
638 1622 797 1667 Abominantur
804 1639 855 1668 eum

158 1704 240 1742 omnes,
247 1688 335 1743 eiusque
342 1685 462 1728 societatem
469 1696 491 1727 et
497 1684 668 1736 consortionem,
676 1686 720 1728 imo
730 1686 793 1730 etiam
802 1701 856 1731 con-

158 1756 324 1816 speslum,·cane
337 1749 398 1807 peius
411 1760 434 1791 et
446 1762 512 1805 angue
525 1747 617 1805 fugiunt.
649 1748 748 1793 Aliorum
760 1750 813 1808 ¹vitia
822 1751 856 1794 in-

158 1820 225 1866 tentis
238 1814 336 1861 acerrime
345 1812 499 1870 contemplatur
509 1813 587 1860 oculis;
599 1827 696 1865 cavero,
704 1813 781 1869 quibus
793 1828 854 1859 totus

158 1882 202 1942 isse
216 1881 304 1923 ⁰bfflffl⁵
315 1877 356 1932 est,
366 1891 412 1921 non
421 1877 527 1921 intuetur:
542 1876 599 1921 nulla
608 1876 673 1933 igitur
681 1876 707 1918 de
716 1877 855 1922 emendandis
888 1912 890 1915 .

157 1945 254 1992 moribus
264 1943 358 1986 animum
369 1940 448 1985 subibit
460 1941 568 1999 cogitatio⁴
601 1939 732 1985 Obcaecatus
742 1941 855 1987 confiden.

158 2012 189 2066 tia
200 2023 223 2055 ac
236 2005 352 2050 temeritate
361 2005 406 2058 sua,
415 2005 559 2057 consilium,fi
573 2003 633 2059 quod
647 2004 691 2060 ipse
705 2007 798 2065 ceperit,
808 2021 855 2052 non

157 2088 190 2135 ⁶³2
199 2088 242 2137 <lus
249 2082 286 2131 pat
295 2067 331 2125 esta
339 2067 475 2117 adcuratione
483 2066 586 2131 ponderat
595 2078 659 2128 atque
668 2071 778 2117 examinat.
802 2072 856 2129 Agit

530 2132 576 2193 33
785 2136 857 2196 igitur,
