1953 2497
160 78 247 142 oppido
262 73 389 129 ridiculam)
404 80 603 133 nootsunuvu,
616 75 695 136 quibus
716 75 795 123 nomeu
808 17 861 127 ῐηξξ

151 146 237 197 haesit,
256 141 315 202 quod
334 139 413 185 nullam
427 140 511 184 nonin
532 141 707 200 disceptationem
729 154 751 185 et
771 155 861 189 contro-

162 206 360 254 uerfiamvocarint
377 205 507 264 veritatem,
530 217 611 264 praeter
628 206 768 250 hancvnam:
801 219 858 254 EGO

158 285 223 319 svm.
260 270 366 317 Nondum
377 269 456 326 sepulta
466 269 520 313 iacet
536 269 694 326 pestilentiffima
713 270 861 326 illa'haetefis‚

159 337 227 381 immo
240 350 291 382 vero
304 332 413 389 hodieque
427 332 491 391 viget.
523 334 578 377 Eum
591 332 684 388 fortasse,
700 334 739 391 qui
758 333 778 378 se
791 349 859 381 vnum
923 340 924 343 ’
940 324 942 332 ⁴

159 409 221 459 putat
232 402 318 445 dodum
327 397 425 455 piumue‚
438 397 479 440 isto
489 397 579 441 nomine
592 399 756 454 nuncupaueris:
772 412 814 445 nec
822 400 859 446 iu-

159 466 220 511 iuria.
252 467 287 510 De
301 473 374 506 natura
381 477 415 511 rna
424 455 529 507 ardabure
538 461 586 506 satis
596 459 674 504 dicum
687 462 723 506 est.

168 605 170 607 ·
224 592 348 649 Deinceps,
361 604 385 635 vt
400 603 443 636 erat
462 589 606 651 propolitum,
628 605 682 646 quae
703 589 781 634 isthinc
802 587 857 636 ema-

159 655 213 699 nent
229 656 294 707 mala,
311 655 417 700 mentibus
443 656 519 699 nostris
551 654 747 711 circumspiciamus.
792 655 856 700 Haud

159 718 251 764 difficilis
271 719 312 762 erit
331 719 483 778 inuestigatio,
509 732 581 779 acffine
606 717 645 761 vlla
666 719 751 774 quidem
767 719 856 777 inquisi-

158 783 220 825 tione
232 797 287 840 opus
300 782 349 825 fore
369 783 498 826 arbitramur.
560 783 614 823 Non
634 781 743 823 occultum
771 784 795 824 in
810 784 856 825 ani-

157 860 194 890 mo
205 846 275 890 haeret
289 845 332 890 hoc
341 845 423 899 vitium,
432 858 479 890 non
493 844 580 890 latebras
594 844 677 902 quaerit
690 858 795 903 vnquam,
810 845 854 891 ’sed

156 910 181 954 in
195 910 304 967 publicum
313 909 401 966 prodit,
423 910 460 953 sed
469 909 537 967 palam
552 920 602 952 ante
619 908 697 952 oculos
720 909 855 965 obuersatur¹

156 973 243 1016 maculis
266 971 339 1015 multis
355 972 455 1030 notisque
477 972 564 1030 infigite.
613 972 677 1016 Nulla
707 984 776 1016 autem
797 974 853 1031 srgnt

93 1045 96 1048 ’
157 1035 247 1079 certiora
262 1036 362 1079 habemus
372 1036 420 1090 eis,
436 1050 489 1093 quae
509 1035 617 1080 necessaria
629 1035 719 1092 quadam
733 1037 855 1094 consequu-

157 1099 218 1151 tione
234 1114 295 1142 exre
310 1099 353 1155 ipsa
372 1097 499 1143 efficiuntur.
559 1100 633 1141 Nemo
650 1099 681 1140 est
696 1109 768 1141 natura
781 1100 857 1156 loqua-

156 1157 371 1219 cior7quarna09adae
379 1163 454 1213 homo,
466 1162 558 1202 neminis
569 1162 631 1202 etiam
644 1161 769 1205 obstinatior
779 1163 858 1209 volun·'

155 1237 193 1269 tas.
224 1223 348 1281 Portentosa
358 1223 376 1267 is
386 1222 533 1266 venditatione
542 1223 632 1266 multum
648 1224 705 1267 dese
719 1225 766 1283 ipso
778 1226 856 1282 gloria·
895 1277 897 1280 v

156 1301 197 1341 tur,
202 1303 315 1345 rerumque
320 1287 375 1345 quafi
384 1287 438 1331 bene
445 1287 546 1345 gestarum
555 1287 642 1343 gloriam
652 1285 727 1343 quadis
735 1288 855 1344 occatione,⁴

151 1351 198 1396 -srue
207 1353 263 1404 data,
277 1352 319 1395 flue
329 1364 420 1411 arrepta,
430 1363 595 1399 commemoratt
624 1350 675 1394 alios
689 1365 778 1409 quoque
787 1352 860 1412 oporss¹

156 1429 188 1461 tet
194 1418 218 1459 in
223 1416 304 1459 adsidua
314 1416 435 1460 earumdem
444 1416 646 1460 commemoratione
653 1426 712 1459 totos
719 1416 783 1468 effe‚fi
791 1417 855 1475 ipsius

110 1535 112 1537 .
157 1480 244 1538 quidem
256 1479 293 1522 fibi
305 1480 418 1523 conciliare
428 1480 496 1523 velint
510 1479 602 1537 gratiam.
652 1478 711 1522 Fido
725 1493 771 1524 non
786 1480 857 1524 modo

156 1540 269 1596 sermone,
281 1544 318 1588 vsed
336 1544 399 1588 etiam
412 1543 484 1597 vultu,
498 1544 591 1587 stabilem
608 1543 629 1587 se
643 1543 730 1600 gloriam
750 1545 855 1602 consequi

156 1607 214 1667 polle
224 1607 319 1651 confidit.
352 1607 504 1664 Deprehendes
512 1615 574 1660 eum,
590 1607 714 1663 Vbicunque
730 1609 854 1663 morabitur,

156 1684 179 1715 et
188 1670 237 1714 falsa
253 1670 309 1714 dese
325 1671 479 1729 praedicantem
499 1668 578 1730 (quem
590 1670 667 1713 Graeci
682 1673 769 1728 αλαζονω
779 1673 854 1717 nomi-

156 1738 222 1791 nant)
234 1746 256 1777 et
268 1734 337 1778 multo
348 1734 453 1778 verbosius
460 1734 487 1778 de
497 1735 530 1778 his
534 1765 541 1788 ‚
556 1749 609 1792 quae
619 1749 668 1778 vere
678 1735 702 1778 in
716 1736 761 1795 ipso
774 1737 855 1792 insunt,

157 1799 277 1851 virtutibus,
282 1798 325 1852 seu,
336 1811 360 1843 vt
368 1799 438 1842 verius
447 1799 523 1853 dicant,
528 1799 632 1844 virtutum
650 1798 771 1852 simulacris,
786 1801 857 1860 expli-

155 1875 239 1908 cantem
250 1863 370 1922 (quemilli
379 1867 490 1925 argutari),
506 1876 594 1922 vtraque
608 1875 667 1924 parte
680 1863 813 1923 infipientem
825 1863 853 1927 l).

513 1930 559 1976 Ba
770 1929 854 1975 Dodo-

179 2009 197 2055 r)
207 2010 228 2045 In
235 2006 493 2060 Castulonianismag.183.haec
513 2011 604 2059 praealican
612 2027 683 2058 araneam
689 2012 766 2057 ueruqm'
773 2024 804 2047 nou
808 2010 857 2059 salfir

155 2066 219 2094 vocum
226 2056 323 2093 differentia
335 2060 438 2096 declaratur:
450 2071 493 2099 Ata·
516 2056 856 2107 quidemfibitribuitsedqaaeinseinfim?

155 2105 181 2150 ζα,
188 2107 203 2142 r't
209 2106 276 2153 proprie
285 2104 355 2149 dicitur,
363 2107 442 2155 quisalsa
448 2111 468 2146 de
473 2107 493 2156 fi
516 2105 565 2159 bona,
573 2118 592 2142 ea
600 2108 654 2150 nimia
660 2115 679 2143 vt
687 2108 713 2144 ita
721 2107 774 2144 dicam
778 2132 784 2151 ,
790 2108 808 2142 in
814 2117 855 2191 pr}-

793 2163 855 2203 parat
