1953 2497
164 117 240 169 XXVI

168 185 236 231 mulat
249 194 285 224 eos
301 176 417 236 superbiae,
432 176 566 236 arrogantiae
578 187 643 236 atque
655 171 766 225 ursulam.
797 179 860 227 Piens
889 182 891 185 ’

168 248 294 309 probrorum
307 242 368 293 sunt,
385 257 452 299 quae,
467 243 516 301 post
539 254 794 295 cauouosrnurvm,
814 258 861 291 va-

168 314 316 357 ruurruus
341 318 503 359 1111611111,
523 315 714 351 cuursrrauvs
736 312 862 354 1101111114

166 385 240 425 orum
261 381 450 415 uonosuunvs
471 381 636 427 nuuounvs,
660 371 755 415 omnium
768 371 860 429 denique

164 433 356 496 impudentiffimus
368 434 511 488 connidator,
523 433 645 492 personatus
664 435 699 478 ille
717 447 859 481 0111111111-

164 511 209 546 st
228 510 424 553 uuurocutrvs,
438 499 462 541 in
472 497 594 541 candidatos
603 497 733 551 (indoneus,
743 498 860 558 praesertim

164 560 217 608 vero
231 563 360 619 theologici,
380 562 485 606 cumulate
506 561 657 619 congesserunt.
682 565 776 620 ·Ecquo
790 576 859 608 autern

164 628 217 672 loco
228 628 253 671 'et
267 641 356 670 numero
365 626 396 669 illl
408 626 457 670 sunt
470 626 573 679 habendi⁷
590 639 682 683 quorum
691 628 796 681 cauneis,
806 639 858 670 tam-

165 706 209 750 que
223 690 342 746 temeraria,
357 690 452 743 audacia,¹
465 704 489 733 vt
503 690 607 734 astionem
625 690 743 744 honestam,
757 705 808 743 nec,
818 688 858 736 ulfi

163 756 213 813 quis
230 754 283 797 male
299 768 322 796 ea
334 766 415 805 vtetur,
433 753 639 811 reprehendendam,
653 755 681 797 ita
694 754 717 796 in
736 755 857 797 uniuersum

162 818 269 869 reiiciant,
282 830 357 860 ornnes
375 818 436 860 etiam
451 831 499 869 eos,
512 817 635 873 quicunque
651 817 677 859 ad
697 831 742 860 earn
760 817 857 874 adgredi-

162 895 235 937 amur,
246 881 288 924 fine
300 878 341 924 vlla
352 881 486 924 distitrslione
496 880 632 937 vituperent?
651 880 715 923 Nulla
726 881 824 938 profesio
831 882 856 926 iu

160 946 201 989 illis
211 947 240 988 est
252 943 339 989 facultas
355 944 486 988 diiudicandi
504 959 528 989 ac
539 944 684 997 discernendi,
698 945 750 1001 quid
764 945 787 987 in
797 960 820 988 eu
830 959 854 992 re

161 1010 195 1066 lit
208 1010 300 1061 bonum,
317 1009 398 1065 quidue
417 1009 504 1052 forsitan
520 1009 568 1052 mali
583 1011 695 1057 homiuum
714 1009 854 1067 quorumdam

161 1074 225 1131 culpa
241 1072 352 1124 acciderit,
370 1085 406 1116 aut
421 1088 465 1129 quo
478 1074 527 1129 quis
541 1073 612 1115 animo
630 1072 732 1115 adionem
749 1072 854 1116 eiusmodi

161 1136 264 1194 suscipiat.
298 1137 388 1192 Aequos
403 1150 472 1179 rerum
488 1136 627 1178 aestimatores
643 1150 667 1177 ac
676 1136 756 1179 iudices
765 1135 854 1193 adpella-

160 1215 222 1251 mus,
235 1199 293 1242 vthi
306 1198 390 1241 tandem
408 1198 531 1241 sententiam
549 1198 695 1255 pronuntient,
729 1199 788 1257 Quid
807 1199 855 1242 sunt

159 1263 253 1306 honores
267 1262 397 1305 academici?
427 1263 486 1305 Num
502 1261 722 1319 quid‘aliud‚'quam
742 1262 852 1321 publicum

96 1320 98 1323 ’
159 1326 267 1384 quoddam
277 1325 304 1368 de
313 1325 419 1368 doetrinae
428 1325 548 1382 integritate
557 1325 714 1382 testimonium,
730 1340 751 1370 et
761 1327 860 1384 praemia

158 1391 272 1434 virtutihus
283 1388 401 1447 proposita?
416 1390 476 1447 Qid
484 1391 500 1433 ii
512 1390 651 1443 meditantur,
661 1406 715 1448 quos
726 1406 772 1434 non
784 1392 851 1434 laudis

158 1454 261 1508 titulique
269 1453 349 1509 cupido
358 1453 458 1504 stimulat,
468 1453 504 1495 sed
517 1455 609 1497 muueris
618 1456 712 1511 perpulit
720 1455 785 1506 ratio,
798 1468 821 1495 vt
827 1455 851 1496 in

158 1516 320 1559 candidatorum
337 1529 427 1557 numero
442 1515 502 1557 suum
514 1517 702 1572 quisquenomen
713 1516 851 1574 profiteatur?

158 1580 210 1623 Hoc
224 1591 280 1629 certe
294 1591 369 1634 agunt,
380 1590 404 1621 ut
415 1577 437 1620 se
449 1579 493 1621 aliis
502 1579 651 1635 examinandos
664 1578 741 1632 sistant,
755 1580 850 1625 iudican-

157 1643 251 1700 dosquer
266 1642 426 1693 tantumabest,
437 1655 460 1685 vt
471 1641 493 1685 se
506 1642 544 1700 ipsr
553 1643 692 1697 admirentur,
703 1643 802 1702 suamque
810 1643 848 1687 fibi

156 1708 255 1751 virtutem
266 1705 314 1750 satis
331 1706 497 1750 commendatam
511 1707 606 1751 habeant.
638 1710 695 1752 Vere
705 1721 772 1752 autem
786 1709 850 1749 srvo-

154 1771 223 1814 lumus
245 1770 354 1826 iudicare,
370 1771 488 1828 importuni
506 1771 676 1829 reprehensores,
690 1772 741 1814 dum
758 1770 853 1828 speciem·

154 1835 265 1892 probitatis
279 1834 357 1893 praese
371 1834 455 1885 ferunt,
467 1847 489 1877 et
502 1835 623 1890 singularem
641 1836 731 1890 aliquam
743 1834 846 1878 adsedem

154 1898 305 1950 humilitatem,
319 1913 342 1942 ea
352 1897 395 1957 ipsa
409 1897 522 1940 modestiae
536 1897 686 1949 adfertaume,
702 1912 742 1955 qua
751 1899 804 1942 nihil
814 1900 844 1943 est

154 1962 262 2015 odiosius,
282 1963 365 2007 nullum
381 1961 502 2008 mortalium
521 1961 576 2005 vitio
590 1955 693 2005 audalfum
710 1963 773 2021 magis
785 1965 843 2007 iutu-

154 2025 241 2077 ruuille⁷
256 2041 325 2087 quam·
339 2026 567 2086 ipsos‚dem0nilrant.
603 2026 719 2072 Simulatam
734 2028 791 2071 enim
805 2042 844 2071 run

153 2094 290 2147 rromtpgooumv
298 2120 305 2141 ,
324 2090 384 2134 sacris
402 2092 426 2134 in
440 2091 515 2134 litteris
528 2090 588 2134 valde
608 2091 763 2150 improbatam,
784 2091 842 2135 haud

152 2150 272 2210 ignoramus
287 2156 320 2209 1).
353 2155 521 2212 Magnitudinem
533 2155 608 2211 animi,
623 2172 646 2205 vt
659 2156 753 2217 superbia
768 2155 792 2197 in
806 2170 841 2199 ex-

767 2218 852 2266 tollen·

172 2287 193 2332 f)
204 2287 252 2337 ἑριβ.
260 2285 400 2337 udsrsofflrapsl,
409 2306 423 2330 a,
429 2302 458 2341 23.
840 2281 843 2285 ’
